@article{Nanzer2017,
    title = {{A Review of Microwave Wireless Techniques for Human Presence Detection and Classification}},
    year = {2017},
    journal = {IEEE Transactions on Microwave Theory and Techniques},
    author = {Nanzer, Jeffrey A.},
    number = {5},
    pages = {1780--1794},
    volume = {65},
    doi = {10.1109/TMTT.2017.2650909},
    issn = {00189480},
    keywords = {Doppler radar, human classification, human presence detection, micro-Doppler, radar, radiometry, respiration}
}

@article{ManzerReview,
    title = {{A Review of Microwave Wireless Techniques for Human Presence Detection and Classification}},
    year = {2017},
    journal = {IEEE Transactions on Microwave Theory and Techniques},
    author = {Nanzer, J A},
    number = {5},
    pages = {1780--1794},
    volume = {65},
    doi = {10.1109/TMTT.2017.2650909},
    issn = {0018-9480},
    keywords = {Doppler radar;electromagnetic wave scattering;micr}
}

@inproceedings{Wilson2007,
    title = {{A Wireless Sensor Network and Incident Command Interface for Urban Firefighting}},
    year = {2007},
    booktitle = {2007 Fourth Annual International Conference on Mobile and Ubiquitous Systems: Networking {\&} Services (MobiQuitous)},
    author = {Wilson, J. and Bhargava, V. and Redfern, A. and Wright, P.},
    pages = {1--7},
    publisher = {IEEE},
    url = {http://ieeexplore.ieee.org/document/4450980/},
    isbn = {978-1-4244-1024-8},
    doi = {10.1109/MOBIQ.2007.4450980}
}

@inproceedings{UWBdetection,
    title = {{An experimental study of UWB device-free person detection and ranging}},
    year = {2013},
    booktitle = {2013 IEEE International Conference on Ultra-Wideband (ICUWB)},
    author = {Kilic, Y and Wymeersch, H and Meijerink, A and Bentum, M J and Scanlon, W G},
    month = {9},
    pages = {43--48},
    doi = {10.1109/ICUWB.2013.6663820},
    issn = {2162-6588},
    keywords = {object detection;ultra wideband technology;UWB dev}
}

@misc{InternetTissue,
    title = {{An Internet resource for the calculation of the dielectric properties of body tissues in the frequency range 10 Hz - 100 GHz,IFAC-CNR, Florence (Italy), 1997. Based on data published by C.Gabriel et al. in 1996. [Online]. Available:http://niremf.ifac.cnr.}},
    author = {D.Andreuccetti, R.Fossi and {C.Petrucci}},
    url = {http://niremf.ifac.cnr.it/tissprop/}
}

@techreport{SiliconLaboratoriesInc.,
    title = {{AN1138: Zigbee Mesh Network Performance}},
    author = {{Silicon Laboratories Inc.{\textregistered}}},
    url = {https://www.silabs.com/documents/login/application-notes/an1138-zigbee-mesh-network-performance.pdf}
}

@book{Dogaru_SAR,
    title = {{Computer models of the human body signature for sensing through the wall radar applications}},
    year = {2007},
    author = {Dogaru, Traian and {Lam Nguyen} and Le, Calvin},
    pages = {viii, 45 p.},
    publisher = {Army Research Laboratory Adelphi, MD}
}

@misc{ZetikHumanBehindObstacle,
    title = {{Detection and localization of persons behind obstacles using M-sequence through-the-wall radar}},
    year = {2006},
    booktitle = {Proc.SPIE},
    author = {Rudolf Zetik Stephen Crabbe, Jozef Krajnak Peter Peyerl J체rgen Sachs Reiner Thom채},
    pages = {6201 - 6201 - 12},
    volume = {6201},
    url = {https://doi.org/10.1117/12.667989},
    doi = {10.1117/12.667989}
}

@misc{ZetikHumanBehindObstacleb,
    title = {{Detection and localization of persons behind obstacles using M-sequence through-the-wall radar}},
    year = {2006},
    booktitle = {Proc.SPIE},
    author = {Rudolf Zetik Stephen Crabbe, Jozef Krajnak Peter Peyerl J체rgen Sachs Reiner Thom채},
    pages = {6201 - 6201 - 12},
    volume = {6201},
    url = {https://doi.org/10.1117/12.667989},
    doi = {10.1117/12.667989}
}

@book{POBook,
    title = {{Development of Packaging and Products for Use in Microwave Ovens}},
    year = {2009},
    author = {Lorence, M and Pesheck, P},
    series = {Woodhead Publishing in Materials},
    publisher = {Elsevier Science},
    url = {https://books.google.se/books?id=zamjAgAAQBAJ},
    isbn = {9781845696573}
}

@article{LOOYENGA1965401,
    title = {{Dielectric constants of heterogeneous mixtures}},
    year = {1965},
    journal = {Physica},
    author = {Looyenga, H},
    number = {3},
    pages = {401--406},
    volume = {31},
    url = {http://www.sciencedirect.com/science/article/pii/0031891465900455},
    doi = {https://doi.org/10.1016/0031-8914(65)90045-5},
    issn = {0031-8914}
}

@article{quartzDielectric,
    title = {{Dielectric Properties of Porous Silicon for Use as a Substrate for the on-Chip Integration of Millimeter-Wave Devices in the Frequency Range 140 to 210 GHz}},
    year = {2014},
    journal = {Nanoscale Research Letters 9.1},
    author = {{Sarafis Panagiotis} and Nassiopoulou, Androula Galiouna},
    pages = {418},
    publisher = {PMC}
}

@article{quartzDielectricb,
    title = {{Dielectric Properties of Porous Silicon for Use as a Substrate for the on-Chip Integration of Millimeter-Wave Devices in the Frequency Range 140 to 210 GHz}},
    year = {2014},
    journal = {Nanoscale Research Letters 9.1},
    author = {{Sarafis Panagiotis} and Nassiopoulou, Androula Galiouna},
    pages = {418},
    publisher = {PMC}
}

@misc{SandDielectric,
    title = {{Engineering ToolBox, (2010). Relative Permittivity - the Dielectric Constant. [online] Available at: https://www.engineeringtoolbox.com/relative-permittivity-d-1660.html [Accessed 25,6,2018 ]}}
}

@misc{SandDielectricb,
    title = {{Engineering ToolBox, (2010). Relative Permittivity - the Dielectric Constant. [online] Available at: https://www.engineeringtoolbox.com/relative-permittivity-d-1660.html [Accessed 25,6,2018 ]}}
}

@article{StogrynDielectricWater,
    title = {{Equations for Calculating the Dielectric Constant of Saline Water (Correspondence)}},
    year = {1971},
    journal = {IEEE Transactions on Microwave Theory and Techniques},
    author = {Stogryn, A},
    number = {8},
    month = {8},
    pages = {733--736},
    volume = {19},
    doi = {10.1109/TMTT.1971.1127617},
    issn = {0018-9480},
    keywords = {Conductivity;Dielectric constant;Equations;Frequen}
}

@misc{MieScatteringPic,
    title = {{http://www.radartutorial.eu/01.basics/Rayleigh-{\%}20versus{\%}20Mie-Scattering.en.html [Accessed 2018,6,25]}}
}

@misc{MieScatteringPicb,
    title = {{http://www.radartutorial.eu/01.basics/Rayleigh-{\%}20versus{\%}20Mie-Scattering.en.html [Accessed 25,6,2018 ]}}
}

@inproceedings{HumanUWB,
    title = {{Human Body Detection Using MIMO-UWB Radar Sensor Network in an Indoor Environment}},
    year = {2008},
    booktitle = {2008 Ninth International Conference on Parallel and Distributed Computing, Applications and Technologies},
    author = {Shingu, G and Takizawa, K and Ikegami, T},
    month = {12},
    pages = {437--442},
    doi = {10.1109/PDCAT.2008.66},
    issn = {2379-5352},
    keywords = {MIMO communication;radar resolution;ultra wideband}
}

@inproceedings{ChangMHTC,
    title = {{Human detection and tracking via Ultra-Wideband (UWB) radar}},
    year = {2010},
    booktitle = {2010 IEEE International Conference on Robotics and Automation},
    author = {Chang, S and Wolf, M and Burdick, J W},
    pages = {452--457},
    doi = {10.1109/ROBOT.2010.5509451},
    issn = {1050-4729},
    keywords = {electromagnetic wave scattering;radar tracking;tar}
}

@article{Kyncl2007,
    title = {{Human walking estimation with radar}},
    year = {2003},
    journal = {IEE Proceedings - Radar, Sonar and Navigation},
    author = {van Dorp, P and Groen, F C A},
    number = {5},
    pages = {356 - 365},
    volume = {150}
}

@article{1249155,
    title = {{Human walking estimation with radar}},
    year = {2003},
    journal = {IEE Proceedings - Radar, Sonar and Navigation},
    author = {van Dorp, P and Groen, F C A},
    number = {5},
    pages = {356--365},
    volume = {150},
    doi = {10.1049/ip-rsn:20030568},
    issn = {1350-2395},
    keywords = {radar signal processing;computer animation;paramet}
}

@incollection{Metaxas,
    title = {{Industrial microwave heating}},
    booktitle = {Industrial microwave heating},
    author = {Metaxas A. C., & Meredith R J},
    chapter = {chapter 2},
    publisher = {London, UK: P. Peregrinus on behalf of the Institution of Electrical Engineers}
}

@article{Ferreira2017,
    title = {{Localization and Positioning Systems for Emergency Responders: A Survey}},
    year = {2017},
    journal = {IEEE Communications Surveys {\&} Tutorials},
    author = {Ferreira, Andre Filipe Goncalves and Fernandes, Duarte Manuel Azevedo and Catarino, Andre Paulo and Monteiro, Joao L.},
    number = {4},
    month = {24},
    pages = {2836--2870},
    volume = {19},
    url = {http://ieeexplore.ieee.org/document/7927385/},
    doi = {10.1109/COMST.2017.2703620},
    issn = {1553-877X}
}

@article{feldsparDielectric,
    title = {{Measurement of the complex permittivity of dry rocks and minerals: application of polythene dilution method and Lichtenecker mixture formula}},
    year = {2005},
    journal = {Geophysical Journal International},
    author = {Zheng, Y and Wang, S and Feng, J and Ouyang, Z and Li, X},
    number = {3},
    month = {12},
    pages = {1195--1202},
    volume = {163},
    doi = {10.1111/j.1365-246X.2005.02718.x},
    issn = {0956-540X}
}

@article{feldsparDielectricb,
    title = {{Measurement of the complex permittivity of dry rocks and minerals: application of polythene dilution method and Lichtenecker mixture formula}},
    year = {2005},
    journal = {Geophysical Journal International},
    author = {Zheng, Y and Wang, S and Feng, J and Ouyang, Z and Li, X},
    number = {3},
    month = {12},
    pages = {1195--1202},
    volume = {163},
    doi = {10.1111/j.1365-246X.2005.02718.x},
    issn = {0956-540X}
}

@article{ChenVictorCFayinLiShen-ShyangHo2006,
    title = {{Micro-Doppler Effect in Radar : Phenomenon , Model , and Simulation Study}},
    year = {2006},
    journal = {IEEE Transactions on Aerospace and Electronic Systems},
    author = {Chen, Victor C, Fayin Li, Shen-Shyang Ho, Harry Wechsler},
    number = {1},
    pages = {2--21},
    volume = {42},
    doi = {10.1109/TAES.2006.1603402}
}

@misc{QWED,
    title = {{No Title}},
    author = {Quickwave{\textbackslash}texttrademark www.qwed.eu, 2016}
}

@misc{QWEDb,
    title = {{No Title}},
    author = {Quickwave{\textbackslash}texttrademark www.qwed.eu, 2016}
}

@article{Kraszewski,
    title = {{Prediction of the Dielectric Properties of Two-Phase Mixtures}},
    year = {1977},
    journal = {Journal of Microwave Power},
    author = {Kraszewski, A},
    number = {3},
    pages = {216--222},
    volume = {12},
    publisher = {Taylor {\&} Francis},
    url = {https://doi.org/10.1080/16070658.1977.11689049},
    doi = {10.1080/16070658.1977.11689049}
}

@techreport{MiaKummAndersPalmKristerPalmkvist2014,
    title = {{R{\"{a}}ddninginsats i Tunnelmilj{\"{o}}; Fullskalef{\"{o}}rs{\"{o}}k i Tistbrottet, Sala}},
    year = {2014},
    author = {Mia Kumm, Anders Palm, Krister Palmkvist, Anders L철nnermark & Haukur Ingason},
    institution = {M{\"{a}}lardalen University}
}

@article{He2012,
    title = {{Range-Doppler Processing for Indoor Human Tracking by Multistatic Ultra-wideband Radar}},
    year = {2012},
    journal = {2012 13th International Radar Symposium},
    author = {He, Yuan and Chevalier, Fran챌ois Le and Yarovoy, Alexander G},
    pages = {250--253},
    isbn = {9781457718373},
    keywords = {-multistatic uwb radar, a high range, doppler resolution and a, indoor human tracking, range migration compensation, range-doppler processing, relatively small system}
}

@book{StrixSystems,
    title = {{Solving the Wireless Mesh Multi-Hop Dilemma (white paper)}},
    author = {{Strix Systems}}
}

@inproceedings{MelikaEnvironment,
    title = {{Study of the environment effect by M-Sequence UWB radar on detection of a walking human}},
    year = {2016},
    booktitle = {2016 IEEE Conference on Antenna Measurements Applications (CAMA)},
    author = {Hozhabri, M and Risman, P O and Petrovic, N},
    pages = {1--4},
    doi = {10.1109/CAMA.2016.7815740},
    keywords = {anechoic chambers (electromagnetic);electromagneti}
}

@article{Gabriel,
    title = {{The dielectric properties of biological tissues: I. Literature survey}},
    year = {1996},
    journal = {Physics in Medicine {\&} Biology},
    author = {Gabriel, C and Gabriel, S and Corthout, E},
    number = {11},
    pages = {2231},
    volume = {41}
}

@book{Taylor2001,
    title = {{Ultra-wideband radar technology}},
    year = {2001},
    author = {Taylor, James D.},
    publisher = {CRC Press},
    isbn = {9781420037296}
}

@article{Luo2014AEnvironments,
    title = {{A collaborative positioning algorithm for mobile target using multisensor data integration in enclosed environments}},
    year = {2014},
    journal = {Computer Communications},
    author = {Luo, Chengming and Li, Wei and Fan, Mengbao and Yang, Hai and Fan, Qigao},
    month = {5},
    pages = {26--35},
    volume = {44},
    publisher = {Elsevier},
    url = {https://www.sciencedirect.com/science/article/pii/S0140366414000577},
    doi = {10.1016/J.COMCOM.2014.02.004},
    issn = {0140-3664}
}

@inproceedings{Moon2013AEnvironment,
    title = {{A robust indoor positioning system using two-stage EKF SLAM for first responders in an emergency environment}},
    year = {2013},
    booktitle = {2013 13th International Conference on Control, Automation and Systems (ICCAS 2013)},
    author = {Moon, Gong Bo and Chun, Sebum and Hur, Moon-Beom and Jee, Gyu-In},
    month = {10},
    pages = {707--711},
    publisher = {IEEE},
    url = {http://ieeexplore.ieee.org/document/6703962/},
    isbn = {978-89-93215-05-2},
    doi = {10.1109/ICCAS.2013.6703962}
}

@article{Rantakokko2011AccurateLocalization,
    title = {{Accurate and reliable soldier and first responder indoor positioning: multisensor systems and cooperative localization}},
    year = {2011},
    journal = {IEEE Wireless Communications},
    author = {Rantakokko, Jouni and Rydell, Joakim and Str{\"{o}}mb{\"{a}}ck, Peter and H{\"{a}}ndel, Peter and Callmer, Jonas and T{\"{o}}rnqvist, David and Gustafsson, Fredrik and Jobs, Magnus and Grud{\'{e}}n, Mathias},
    number = {2},
    month = {4},
    pages = {10--18},
    volume = {18},
    url = {http://ieeexplore.ieee.org/document/5751291/},
    doi = {10.1109/MWC.2011.5751291},
    issn = {1536-1284}
}

@inproceedings{NanLi2012AnOperations,
    title = {{An Infrastructure-Free Indoor Localization Framework to Support Building Emergency Response Operations}},
    year = {2012},
    booktitle = {International Workshop: Intelligent Computing in Engineering},
    author = {Nan Li, Burcin Becerik-Gerber},
    url = {https://www.researchgate.net/publication/260248915_An_Infrastructure-Free_Indoor_Localization_Framework_to_Support_Building_Emergency_Response_Operations},
    address = {Herrsching, Germany}
}

@article{Li2015ComparativeResponse,
    title = {{Comparative assessment of an indoor localization framework for building emergency response}},
    year = {2015},
    journal = {Automation in Construction},
    author = {Li, Nan and Becerik-Gerber, Burcin and Soibelman, Lucio and Krishnamachari, Bhaskar},
    month = {9},
    pages = {42--54},
    volume = {57},
    publisher = {Elsevier},
    url = {https://www.sciencedirect.com/science/article/pii/S0926580515000825},
    doi = {10.1016/J.AUTCON.2015.04.004},
    issn = {0926-5805}
}

@inproceedings{Ghosh2013ComprehensiveNetwork,
    title = {{Comprehensive monitoring of firefighters by a Wireless Body Area Sensor Network}},
    year = {2013},
    booktitle = {2013 Tenth International Conference on Wireless and Optical Communications Networks (WOCN)},
    author = {Ghosh, Saibal K and Chakraborty, Suryadip and Jamthe, Anagha and Agrawal, Dharma P.},
    month = {7},
    pages = {1--6},
    publisher = {IEEE},
    url = {http://ieeexplore.ieee.org/document/6616245/},
    isbn = {978-1-4673-5999-3},
    doi = {10.1109/WOCN.2013.6616245}
}

@inproceedings{Lo2008EUROPCOMApplications,
    title = {{EUROPCOM - An Ultra-WideBand (UWB)-Based Ad Hoc Network for Emergency Applications}},
    year = {2008},
    booktitle = {VTC Spring 2008 - IEEE Vehicular Technology Conference},
    author = {Lo, Anthony and Xia, Liang and Niemegeers, Ignas and Bauge, Timothy and Russell, Mark and Harmer, Dave},
    month = {5},
    pages = {6--10},
    publisher = {IEEE},
    url = {http://ieeexplore.ieee.org/document/4525570/},
    isbn = {978-1-4244-1644-8},
    doi = {10.1109/VETECS.2008.14},
    issn = {1550-2252}
}

@inproceedings{Hozhabri2016ExperimentalDetection,
    title = {{Experimental comparison study of UWB technologies for static human detection}},
    year = {2016},
    booktitle = {2016 IEEE International Conference on Ubiquitous Wireless Broadband, ICUWB 2016},
    author = {Hozhabri, M. and Otterskog, M. and Petrovic, N. and Ekstr{\"{o}}m, M.},
    number = {},
    volume = {},
    isbn = {9781509013173},
    doi = {10.1109/ICUWB.2016.7790572}
}

@inproceedings{Gandhi2010FIREGUIDE:Tracker,
    title = {{FIREGUIDE: Firefighter guide and tracker}},
    year = {2010},
    booktitle = {2010 Annual International Conference of the IEEE Engineering in Medicine and Biology},
    author = {Gandhi, S R and Ganz, A and Mullett, G},
    month = {8},
    pages = {2037--2040},
    volume = {2010},
    publisher = {IEEE},
    url = {http://www.ncbi.nlm.nih.gov/pubmed/21096429 http://ieeexplore.ieee.org/document/5626771/},
    isbn = {978-1-4244-4123-5},
    doi = {10.1109/IEMBS.2010.5626771},
    issn = {1557-170X},
    pmid = {21096429}
}

@inproceedings{Hawkinson2012GLANSER:Assessment,
    title = {{GLANSER: Geospatial location, accountability, and Navigation System for Emergency Responders - system concept and performance assessment}},
    year = {2012},
    booktitle = {Proceedings of the 2012 IEEE/ION Position, Location and Navigation Symposium},
    author = {Hawkinson, Wes and Samanant, Paul and McCroskey, Rob and Ingvalson, Ryan and Kulkarni, Amit and Haas, Lin and English, Bill},
    month = {4},
    pages = {98--105},
    publisher = {IEEE},
    url = {http://ieeexplore.ieee.org/document/6236870/},
    isbn = {978-1-4673-0387-3},
    doi = {10.1109/PLANS.2012.6236870}
}

@inproceedings{Ruppel2010IndoorPurposes,
    title = {{Indoor Navigation Integration Platform for firefighting purposes}},
    year = {2010},
    booktitle = {2010 International Conference on Indoor Positioning and Indoor Navigation},
    author = {Ruppel, Uwe and Marcus Stubbe, Kai and Zwinger, Uwe},
    month = {9},
    pages = {1--6},
    publisher = {IEEE},
    url = {http://ieeexplore.ieee.org/document/5647401/},
    isbn = {978-1-4244-5862-2},
    doi = {10.1109/IPIN.2010.5647401}
}

@article{Renaudin2007IndoorAgents,
    title = {{Indoor Navigation of Emergency Agents}},
    year = {2007},
    journal = {European Journal of Navigation},
    author = {Renaudin, Val챕rie and Yalak, Okan and Tom{\'{e}}, Phillip and Merminod, Bertrand},
    url = {https://www.semanticscholar.org/paper/Indoor-Navigation-of-Emergency-Agents-Renaudin-Yalak/e6891e87f4964f239ecc161763902e94ca18ed03}
}

@article{Fuchs2011IndoorSurvey,
    title = {{Indoor tracking for mission critical scenarios: A survey}},
    year = {2011},
    journal = {Pervasive and Mobile Computing},
    author = {Fuchs, Christoph and Aschenbruck, Nils and Martini, Peter and Wieneke, Monika},
    number = {1},
    month = {2},
    pages = {1--15},
    volume = {7},
    publisher = {Elsevier},
    url = {https://www.sciencedirect.com/science/article/pii/S1574119210000556},
    doi = {10.1016/J.PMCJ.2010.07.001},
    issn = {1574-1192}
}

@article{Fischer2010LocationSurvey,
    title = {{Location and Navigation Support for Emergency Responders: A Survey}},
    year = {2010},
    journal = {IEEE Pervasive Computing},
    author = {Fischer, C. and Gellersen, H.},
    number = {1},
    month = {1},
    pages = {38--47},
    volume = {9},
    url = {http://ieeexplore.ieee.org/document/5342406/},
    doi = {10.1109/MPRV.2009.91},
    issn = {1536-1268}
}

@article{Kihlberg2012MapPositioning,
    title = {{Map Aided Indoor Positioning}},
    year = {2012},
    author = {Kihlberg, Johan and Tegelid, Simon},
    url = {http://liu.diva-portal.org/smash/record.jsf?pid=diva2%3A529072&dswid=5550},
    keywords = {Signal Processing, Signalbehandling, Technology, teknik}
}

@inproceedings{Silva2015PracticalEnvironments,
    title = {{Practical challenges of IR-UWB based ranging in harsh industrial environments}},
    year = {2015},
    booktitle = {2015 IEEE 13th International Conference on Industrial Informatics (INDIN)},
    author = {Silva, B. J. and Hancke, G. P.},
    month = {7},
    pages = {618--623},
    publisher = {IEEE},
    url = {http://ieeexplore.ieee.org/document/7281806/},
    isbn = {978-1-4799-6649-3},
    doi = {10.1109/INDIN.2015.7281806}
}

@inproceedings{Hozhabri2017StudyHuman,
    title = {{Study of the environment effect by M-Sequence UWB radar on detection of a walking human}},
    year = {2017},
    booktitle = {2016 IEEE Conference on Antenna Measurements and Applications, CAMA 2016},
    author = {Hozhabri, M. and Risman, P.O. and Petrovic, N.},
    number = {},
    volume = {},
    isbn = {9781467389327},
    doi = {10.1109/CAMA.2016.7815740},
    keywords = {human detection, human tracking, radar, ultra wide band}
}

@incollection{Klann2009TacticalSystem,
    title = {{Tactical Navigation Support for Firefighters: The LifeNet Ad-Hoc Sensor-Network and Wearable System}},
    year = {2009},
    author = {Klann, Markus},
    pages = {41--56},
    publisher = {Springer, Berlin, Heidelberg},
    url = {http://link.springer.com/10.1007/978-3-642-00440-7_5},
    doi = {10.1007/978-3-642-00440-7{\_}5}
}

@article{Harris2013TheFlames,
    title = {{The way through the flames}},
    year = {2013},
    journal = {IEEE Spectrum},
    author = {Harris, Mark},
    number = {9},
    month = {9},
    pages = {30--35},
    volume = {50},
    url = {http://ieeexplore.ieee.org/document/6587186/},
    doi = {10.1109/MSPEC.2013.6587186},
    issn = {0018-9235}
}

@misc{TRXSystems,
    title = {{TRX Systems}},
    url = {http://www.trxsystems.com}
}

@inproceedings{Fischer2008Ultrasound-aidedNavigation,
    title = {{Ultrasound-aided pedestrian dead reckoning for indoor navigation}},
    year = {2008},
    booktitle = {Proceedings of the first ACM international workshop on Mobile entity localization and tracking in GPS-less environments - MELT '08},
    author = {Fischer, Carl and Muthukrishnan, Kavitha and Hazas, Mike and Gellersen, Hans},
    pages = {31},
    publisher = {ACM Press},
    url = {http://portal.acm.org/citation.cfm?doid=1410012.1410020},
    address = {New York, New York, USA},
    isbn = {9781605581897},
    doi = {10.1145/1410012.1410020},
    keywords = {indoor navigation, pedestrian dead reckoning, search and rescue, ultrasound}
}

@article{Chehri2009UWB-basedEnvironments,
    title = {{UWB-based sensor networks for localization in mining environments}},
    year = {2009},
    journal = {Ad Hoc Networks},
    author = {Chehri, Abdellah and Fortier, Paul and Tardif, Pierre Martin},
    number = {5},
    month = {7},
    pages = {987--1000},
    volume = {7},
    publisher = {Elsevier},
    url = {https://www.sciencedirect.com/science/article/pii/S157087050800125X},
    doi = {10.1016/J.ADHOC.2008.08.007},
    issn = {1570-8705}
}

@article{Widyawan2012VirtualEnvironments,
    title = {{Virtual lifeline: Multimodal sensor data fusion for robust navigation in unknown environments}},
    year = {2012},
    journal = {Pervasive and Mobile Computing},
    author = {{Widyawan} and Pirkl, Gerald and Munaretto, Daniele and Fischer, Carl and An, Chunlei and Lukowicz, Paul and Klepal, Martin and Timm-Giel, Andreas and Widmer, Joerg and Pesch, Dirk and Gellersen, Hans},
    number = {3},
    month = {6},
    pages = {388--401},
    volume = {8},
    url = {http://linkinghub.elsevier.com/retrieve/pii/S1574119211000411},
    doi = {10.1016/j.pmcj.2011.04.005},
    issn = {15741192}
}